<record><leader>00000cas a22000007a 4500</leader><controlfield tag="001">23455859</controlfield><controlfield tag="008">910411d19741980ohumr ne      0    0eng d</controlfield><datafield ind1=" " ind2=" " tag="010"><subfield code="a">sn 91069114 </subfield></datafield><datafield ind1=" " ind2=" " tag="040"><subfield code="a">ONP</subfield><subfield code="b">eng</subfield><subfield code="c">ONP</subfield><subfield code="d">OCLCQ</subfield></datafield><datafield ind1=" " ind2=" " tag="042"><subfield code="a">msc</subfield></datafield><datafield ind1="0" ind2="0" tag="245"><subfield code="a">Richfield community news and calendar.</subfield></datafield><datafield ind1=" " ind2=" " tag="260"><subfield code="a">[Richfield, Ohio] :</subfield><subfield code="b">Civic Improvement Association,</subfield><subfield code="c">1974- 1980.</subfield></datafield><datafield ind1=" " ind2=" " tag="300"><subfield code="a">v.</subfield></datafield><datafield ind1=" " ind2=" " tag="310"><subfield code="a">Monthly</subfield></datafield><datafield ind1="0" ind2=" " tag="362"><subfield code="a">July 1974-Jan. 1980.</subfield></datafield><datafield ind1=" " ind2=" " tag="752"><subfield code="a">United States</subfield><subfield code="b">Ohio</subfield><subfield code="c">Summit</subfield><subfield code="d">Richfield.</subfield></datafield><datafield ind1="0" ind2="0" tag="780"><subfield code="t">Community news and calendar</subfield><subfield code="w">(DLC)sn 91069113</subfield></datafield><datafield ind1="0" ind2="0" tag="785"><subfield code="t">Countryside &amp; comminity news</subfield><subfield code="w">(DLC)sn 91069115</subfield></datafield></record>